%% This BibTeX bibliography file was created using BibDesk.
%% http://bibdesk.sourceforge.net/

%% Created for Erik Thors√©n at 2016-06-28 10:46:49 +0200 


%% Saved with string encoding Unicode (UTF-8) 



@article{SPCstate2000,
	Author = {Stoumbos, Z.G., Reynolds Jr, M.R., Ryan, T.P. and Woodall, W.H.},
	Journal = {Journal of the American Statistical Association},
	Optannote = {*},
	Optkey = {*},
	Optmonth = {*},
	Optnote = {*},
	Optnumber = {*},
	Optpages = {992-998},
	Optvolume = {*},
	Title = {The State of Statistical Process Control as We Proceed into the 21st Century},
	Year = {2000}}

@article{SPCfood,
	Author = {Lim, S., Antony, J., Albliwi, S.},
	Journal = {Trends In Food Science and Technology},
	Optannote = {*},
	Optkey = {*},
	Optmonth = {*},
	Optnote = {*},
	Optnumber = {*},
	Optpages = {137-151},
	Optvolume = {37},
	Title = {Review: Statistical Process Control (SPC) in the food industry -- A systematic review and future research agenda},
	Year = {2014}}

@article{SPCTomotherapy,
	Author = {Mezzenga, E., D'Errico, V., Sarnelli, A., Strigari, L., Menghi, E., Marcocci, F., Bianchini, D. and Benassi, M.},
	Journal = {PloS one},
	Optannote = {*},
	Optkey = {*},
	Optmonth = {*},
	Optnote = {*},
	Optnumber = {*},
	Optpages = {*},
	Optvolume = {*},
	Title = {Preliminary Retrospective Analysis of Daily Tomotherapy Output Constancy Checks Using Statistical Process Control.},
	Year = {2016}}

@book{SPCIntro,
	Author = {Qiu, P.},
	Optaddress = {*},
	Optannote = {*},
	Optedition = {*},
	Optkey = {*},
	Optmonth = {October},
	Optnote = {*},
	Optnumber = {*},
	Optseries = {*},
	Optvolume = {*},
	Publisher = {CRC Press, Taylor and Francis group},
	Title = {Introduction to statistical process control},
	Year = {2013}}

@techreport{IlluminaQ,
	Author = {Illumina},
	Institution = {Illumina},
	Optaddress = {http://www.illumina.com/documents/products/technotes/technote_Q-Scores.pdf},
	Optannote = {*},
	Optedition = {*},
	Optmonth = {February},
	Optnote = {*},
	Optorganization = {Illumina},
	Optyear = {2016},
	Title = {Quality Scores for Next-Generation Sequencing},
	Year = {2016}}

@techreport{NGS,
	Author = {Illumina},
	Institution = {Illumina},
	Optaddress = {http://www.illumina.com/content/dam/illumina-marketing/documents/products/illumina_sequencing_introduction.pdf},
	Optannote = {*},
	Optkey = {*},
	Optmonth = {*},
	Optnote = {*},
	Optnumber = {*},
	Opttype = {*},
	Title = {An Introduction to Next-Generation Sequencing Technology},
	Year = {2016}}

@article{NATUREseq,
	Author = {Metzker, M.L.},
	Journal = {Nature genetics},
	Optannote = {*},
	Optkey = {*},
	Optmonth = {*},
	Optnote = {*},
	Optnumber = {*},
	Optpages = {31-44},
	Optvolume = {volume 2},
	Title = {Sequencing technologies --- the next generation},
	Year = {2010}}

@book{WS,
	Author = {Shewhart, W.A.},
	Optaddress = {*},
	Optannote = {*},
	Optedition = {*},
	Optkey = {*},
	Optmonth = {*},
	Optnote = {*},
	Optnumber = {*},
	Optseries = {*},
	Optvolume = {*},
	Publisher = {Quality Press},
	Title = {Economic control of quality of manufactured products},
	Year = {1931}}

@article{ESPAGE,
	Author = {Page,E.S.},
	Issn = {00063444},
	Journal = {Biometrika},
	Number = {1/2},
	Pages = {100-115},
	Publisher = {Oxford University Press, Biometrika Trust},
	Title = {Continuous Inspection Schemes},
	Url = {http://www.jstor.org/stable/2333009},
	Volume = {41},
	Year = {1954},
	Bdsk-Url-1 = {http://www.jstor.org/stable/2333009}}

@article{Phase1,
	Author = {Chakraborti, S., Human, S. W., Graham, M. A.},
	Journal = {Quality Engineering},
	Optannote = {*},
	Optkey = {*},
	Optmonth = {*},
	Optnote = {*},
	Optnumber = {*},
	Optpages = {52-62},
	Optvolume = {*},
	Title = {Phase 1 Statistical Process Control Charts: An Overview and Some Results},
	Year = {2008}}

@article{Croiser1988,
	Author = {Croiser, R.,B.},
	Title = {Multivariate Generalizations of Cumulative Sum Quality-Control Schemes},
	Year = {1988}}

%@inbook{Olkin2001,
%	Address = {New York, NY},
%	Author = {Olkin, Ingram and Sampson, Allan R.},
%	Chapter = {Harold Hotelling},
%	Doi = {10.1007/978-1-4613-0179-0_97},
%	Editor = {Heyde, C. C., Seneta, E., Cr{\'e}pel, P., Fienberg, S. E.,Gani, J.},
%	Isbn = {978-1-4613-0179-0},
%	Pages = {454--458},
%	Publisher = {Springer New York},
%	Title = {Statisticians of the Centuries},
%	Url = {http://dx.doi.org/10.1007/978-1-4613-0179-0_97},
%	Year = {2001},
%	Bdsk-Url-1 = {http://dx.doi.org/10.1007/978-1-4613-0179-0_97}}

@book{SeqAnalysis,
	Author = {Siegmund, D.},
	Optaddress = {*},
	Optannote = {*},
	Optedition = {*},
	Optkey = {*},
	Optmonth = {*},
	Optnote = {*},
	Optnumber = {*},
	Optseries = {Series in statistics},
	Optvolume = {2},
	Publisher = {Springer},
	Title = {Sequantial analysis},
	Year = {1985}}

@article{pignatiello2001estimation,
	Author = {Pignatiello, J.J., Samuel, T.R.},
	Journal = {Journal of Quality technology},
	Number = {1},
	Pages = {82-95},
	Publisher = {ASQC AMERICAN SOCIETY FOR QUALITY CONTROL},
	Title = {Estimation of the change point of a normal process mean in SPC applications},
	Volume = {33},
	Year = {2001}}

@article{Tracy1992,
	Author = {Tracy, N., Young, J., Mason, R.},
	Journal = {Quality Technology},
	Optannote = {*},
	Optkey = {*},
	Optmonth = {*},
	Optnote = {*},
	Optnumber = {2},
	Optpages = {88-95},
	Optvolume = {24},
	Title = {Multivariate Control Charts for Individual Observations},
	Year = {1992}}

@article{Bodnar2009,
	Author = {Bodnar, O., Bodnar, T., Okhrin, Y.},
	Journal = {Computational Statistics and Data Analysis},
	Optannote = {*},
	Optkey = {*},
	Optmonth = {*},
	Optnote = {*},
	Optnumber = {9},
	Optpages = {3372 - 3385},
	Optvolume = {53},
	Title = {Surveillance of the covariance matrix based on the properties of the singular Wishart distribution},
	Year = {2009}}

@book{NumAnalysis,
	Author = {Conte, S.D., Boor, C.W.D.},
	Optaddress = {*},
	Optannote = {*},
	Optedition = {*},
	Optkey = {*},
	Optmonth = {*},
	Optnote = {*},
	Optnumber = {*},
	Optseries = {*},
	Optvolume = {*},
	Publisher = {McGraw-Hill Higher Education},
	Title = {Elementary numerical analysis: an algorithmic approach},
	Year = {1980}}

@book{Rcpp,
	Author = {Eddelbuettel, D.},
	Optaddress = {*},
	Optannote = {*},
	Optedition = {*},
	Optkey = {*},
	Optmonth = {*},
	Optnote = {*},
	Optnumber = {*},
	Optseries = {Computer Science, Statistics},
	Optvolume = {*},
	Publisher = {Springer},
	Title = {Seamless R and C++ Integration with Rcpp},
	Year = {2013}}

@book{CUSUMbook,
	Author = {Hawkins, D.M. and Olwell, D.H.},
	Optaddress = {*},
	Optannote = {*},
	Optedition = {*},
	Optkey = {*},
	Optmonth = {*},
	Optnote = {*},
	Optnumber = {*},
	Optseries = {*},
	Optvolume = {*},
	Publisher = {Springer Science & Business Media},
	Title = {Cumulative Sum Charts and Charting for Quality Improvement},
	Year = {1998}}

@article{Moustakides,
	Author = {Moustakides, G.V.},
	Journal = {The Annals of Statistics},
	Optannote = {*},
	Optkey = {*},
	Optmonth = {*},
	Optnote = {*},
	Optnumber = {*},
	Optpages = {1379-1387},
	Optvolume = {*},
	Title = {Optimal stopping times for detecting changes in distributions},
	Year = {1986}}

@article{MCPD,
	Author = {Zamba, K.D., Hawkins, D.M.},
	Journal = {Journal of Quality Technology},
	Optannote = {*},
	Optkey = {*},
	Optmonth = {*},
	Optnote = {*},
	Optnumber = {285-303},
	Optpages = {*},
	Optvolume = {41},
	Title = {A multivariate change-point model for change in mean vector and/or covariance structure},
	Year = {2009}}

@book{StatDists,
	Author = {Forbes, C., Evans, M., Hastings, N. and Peacock, B.},
	Optaddress = {*},
	Optannote = {*},
	Optedition = {4th edition},
	Optkey = {*},
	Optmonth = {*},
	Optnote = {*},
	Optnumber = {*},
	Optseries = {*},
	Optvolume = {*},
	Publisher = {John Wiley and Sons},
	Title = {Statistical Distributions},
	Year = {2011}}

@article{Bodnar20082389,
	Author = {Bodnar, T. and Okhrin, Y},
	Journal = {Journal of Multivariate Analysis},
	Optannote = {*},
	Optkey = {*},
	Optmonth = {*},
	Optnote = {*},
	Optnumber = {*},
	Optpages = {2389 - 2405},
	Optvolume = {99},
	Title = {Properties of the singular, inverse and generalized inverse partitioned Wishart distributions},
	Year = {2008}}

@article{srivastava2003,
	Author = {Srivastava, M.S.},
	Journal = {The Annals of Statistics},
	Optannote = {*},
	Optkey = {*},
	Optmonth = {*},
	Optnote = {*},
	Optnumber = {*},
	Optpages = {1537--1560},
	Optvolume = {*},
	Title = {Singular Wishart and multivariate beta distributions},
	Year = {2003}}

@article{CPDall,
	Author = {Sullivan, J.H. and Woodall, W.H.},
	Journal = {IIE transactions},
	Optannote = {*},
	Optkey = {*},
	Optmonth = {*},
	Optnote = {*},
	Optnumber = {*},
	Optpages = {537-549},
	Optvolume = {*},
	Title = {Change-point detection of mean vector or covariance matrix shifts using multivariate individual observations},
	Year = {2000}}

@unpublished{RolfTheMan,
	Author = {Sundberg, R.},
	Note = {Published by the mathematics department at Stockholm university.},
	Optannote = {*},
	Optkey = {*},
	Optmonth = {Match},
	Optyear = {2015},
	Title = {Statistical modelling by exponential families}}

@book{CPDbook,
	Author = {Chen, J. and Gupta, A.K.},
	Optaddress = {*},
	Optannote = {*},
	Optedition = {*},
	Optkey = {*},
	Optmonth = {*},
	Optnote = {*},
	Optnumber = {*},
	Optseries = {*},
	Optvolume = {*},
	Publisher = {Springer Science & Business Media},
	Title = {Parametric statistical change point analysis: with applications to genetics, medicine, and finance},
	Year = {2011}}

@book{MultStatAnalysis,
	Author = {Hair, J.F., Black, W.C., Babin, B.J., Anderson, R.E. and Tatham, R.L.},
	Optaddress = {*},
	Optannote = {*},
	Optedition = {*},
	Optkey = {*},
	Optmonth = {*},
	Optnote = {*},
	Optnumber = {*},
	Optseries = {*},
	Optvolume = {6},
	Publisher = {Upper Saddle River, NJ: Pearson Prentice Hall},
	Title = {An introduction to multivariate statistical analysis},
	Year = {2006}}

@book{MatrixHandbook,
	Author = {Seber, G. A. F.},
	Optvolume = {15},
	Publisher = {John Wiley and Sons},
	Title = {A matrix handbook for statisticians},
	Year = {2008}}

@article{EWMA,
	Author = {Roberts, S.W.},
	Journal = {Technometrics},
	Optannote = {*},
	Optkey = {*},
	Optmonth = {*},
	Optnote = {*},
	Optnumber = {97-101},
	Optpages = {*},
	Optvolume = {42},
	Title = {Control chart tests based on geometric moving averages},
	Year = {1959}}

@article{Gurrero,
	Author = {Guerrero, V.M.},
	Journal = {Journal of forecasting},
	Optannote = {*},
	Optkey = {*},
	Optmonth = {*},
	Optnote = {*},
	Optnumber = {*},
	Optpages = {37-48},
	Optvolume = {*},
	Title = {Time series analysis supported by power transformations},
	Year = {1993}}

@article{BoxCox,
	Author = {Box, G.E. and Cox, D.R.},
	Journal = {Journal of the Royal Statistical Society Series B (Methodological)},
	Optannote = {*},
	Optkey = {*},
	Optmonth = {*},
	Optnote = {*},
	Optnumber = {*},
	Optpages = {211-252},
	Optvolume = {*},
	Title = {An analysis of transformations},
	Year = {1964}}

@article{Croiser1986,
	Author = {Croiser, R.B.},
	Journal = {Technometrics},
	Optannote = {*},
	Optkey = {*},
	Optmonth = {*},
	Optnote = {*},
	Optnumber = {*},
	Optpages = {187-194},
	Optvolume = {*},
	Title = {A new two-sided cumulative sum quality control scheme},
	Year = {1986}}

@book{OpenMP,
	Author = {Chandra, R., Dagum, L., Kohr, D., Maydan, D., McDonald, J., Menon, R.},
	Optaddress = {*},
	Optannote = {*},
	Optedition = {*},
	Optkey = {*},
	Optmonth = {*},
	Optnote = {*},
	Optnumber = {*},
	Optseries = {*},
	Optvolume = {*},
	Publisher = {Morgan Kaufmann Publishers},
	Title = {Parallel programming in OpenMP},
	Year = {2001}}

@article{HotellingFirst,
	Author = {Hotelling, H.},
	Journal = {N/A},
	Optannote = {*},
	Optkey = {*},
	Optmonth = {*},
	Optnote = {Published by Berkeley, University of California.},
	Optnumber = {*},
	Optpages = {*},
	Optvolume = {*},
	Title = {A generalized T test and measure of multivariate dispersion},
	Year = {1951}}

@article{HenzeZirkler,
	Author = {Henze, N. and Zirkler, B.},
	Journal = {Communications in Statistics-Theory and Methods},
	Optannote = {*},
	Optkey = {*},
	Optmonth = {*},
	Optnote = {*},
	Optnumber = {*},
	Optpages = {3595-3617},
	Optvolume = {*},
	Title = {A class of invariant consistent tests for multivariate normality},
	Year = {1990}}

@article{GenShapWilk,
	Author = {Villasenor Alva, J.A. and Estrada, E.G.},
	Journal = {Communications in Statistics---Theory and Methods},
	Optannote = {*},
	Optkey = {*},
	Optmonth = {*},
	Optnote = {*},
	Optnumber = {*},
	Optpages = {1870-1883},
	Optvolume = {*},
	Title = {A generalization of Shapiro--Wilk's test for multivariate normality},
	Year = {2009}}

@article{QuiBoot,
	Author = {Chatterjee, S., Qui, P.},
	Journal = {The Annals of applied statistics},
	Optannote = {*},
	Optkey = {*},
	Optmonth = {*},
	Optnote = {*},
	Optnumber = {*},
	Optpages = {349-369},
	Optvolume = {*},
	Title = {Distribution-free cumulative sum control charts using bootstrap-based control limits},
	Year = {2009}}

@article{HotellingQC,
	Author = {Hotelling, H.},
	Journal = {Techniques of statistical analysis},
	Optannote = {*},
	Optkey = {*},
	Optmonth = {*},
	Optnote = {*},
	Optnumber = {*},
	Optpages = {*},
	Optvolume = {*},
	Title = {Multivariate quality control illustrated by the air testing of sample bombsights},
	Year = {1947}}

@article{ED,
	Author = {Lai, T. L.},
	Journal = {Journal of the Royal Statistical Society},
	Optannote = {*},
	Optkey = {*},
	Optmonth = {*},
	Optnote = {*},
	Optnumber = {*},
	Optpages = {613--658},
	Optvolume = {*},
	Title = {Sequential Changepoint Detection in Quality Control and Dynamical Systems},
	Year = {1995}}

@book{LLN,
	Author = {Gut, A.},
	Optaddress = {*},
	Optannote = {*},
	Optedition = {*},
	Optkey = {*},
	Optmonth = {*},
	Optnote = {*},
	Optnumber = {*},
	Optseries = {*},
	Optvolume = {*},
	Publisher = {Springer science and business media},
	Title = {An Intermediate Course in Probability},
	Year = {2013}}

@article{AutoCUSUM,
	Author = {Bagshaw, M. and Johnson, R.A.},
	Journal = {Technometrics},
	Optannote = {*},
	Optkey = {*},
	Optmonth = {*},
	Optnote = {*},
	Optnumber = {*},
	Optpages = {73-80},
	Optvolume = {*},
	Title = {The effect of serial correlation on the performance of CUSUM tests II},
	Year = {1975}}
